@Article{B86,
  author = 	 {R.~E. Bryant},
  title = 	 {Graph-Based Algorithms for Boolean Function Manipulation},
  journal = 	 {{IEEE} Transactions on Computers},
  year = 	 1986,
  key =		 {C-35},
  volume =	 8,
  pages =	 {677-691}
}


@Techreport{L99,
  author =       {Lind-Nielsen, J.},
  title =        {{BuDDy - A Binary Decision Diagram Package}},
  year =         1999,
  institution =  {Institute of Information Technology, 
                  Technical University of Denmark},
  number =       {IT-TR: 1999-028},
  note =         {\verb+http://cs.it.dtu.dk/buddy+}
}

